\begin{thebibliography}{9}

\bibitem{cmaloduaiir}
@article{lee2022camera,
  title={Camera-Based Automatic Landing of Drones Using Artificial Intelligence Image Recognition},
  author={Lee, Sedam and Jo, Daeil and Kwon, Y},
  journal={Int. J. Mech. Eng. Robot. Res},
  volume={11},
  number={1},
  pages={357--364},
  year={2022}
}

\bibitem{}
@article{xu2023real,
  title={A real-time dynamic obstacle tracking and mapping system for UAV navigation and collision avoidance with an RGB-D camera},
  author={Xu, Zhefan and Zhan, Xiaoyang and Chen, Baihan and Xiu, Yumeng and Yang, Chenhao and Shimada, Kenji},
  journal={}
  booktitle={2023 IEEE International Conference on Robotics and Automation (ICRA)},
  pages={10645--10651},
  year={2023},
  organization={IEEE}
}

@article{redmon2017yolo9000,
  title={YOLO9000: better, faster, stronger},
  author={Redmon, Joseph and Farhadi, Ali},
  journal={}
  booktitle={Proceedings of the IEEE conference on computer vision and pattern recognition},
  pages={7263--7271},
  year={2017}
}

\end{thebibliography}